@ARTICLE{sortsum,
      AUTHOR = {Demmel, J. and Hida, Y.},
      TITLE = {Accurate and Efficient Floating Point Summation},
      JOURNAL = {SIAM J. Sci. Comp.},
      VOLUME = {25},
      NUMBER = {4},
      PAGES = {1214--1248},
      YEAR = {2003}
}

@ARTICLE{repsum, 
    author={Demmel, J. and Hong Diep Nguyen}, 
    journal={Computers, IEEE Transactions on}, 
    title={Parallel Reproducible Summation}, 
    year={2015}, 
    volume={64}, 
    number={7}, 
    pages={2060-2070}, 
    doi={10.1109/TC.2014.2345391}, 
    ISSN={0018-9340}, 
    month={July},
}

@article{higham,
    author = {Higham, Nicholas J.},
    title = {The Accuracy of Floating Point Summation},
    journal = {SIAM J. Sci. Comput.},
    issue_date = {July 1993},
    volume = {14},
    number = {4},
    month = jul,
    year = {1993},
    issn = {1064-8275},
    pages = {783--799},
    numpages = {17},
    url = {http://dx.doi.org/10.1137/0914050},
    doi = {10.1137/0914050},
    acmid = {153553},
    publisher = {Society for Industrial and Applied Mathematics},
    address = {Philadelphia, PA, USA},
    keywords = {floating point summation, orderings, rounding error analysis},
} 

@inproceedings{taufer,
  title={{Improving numerical reproducibility and stability in large-scale numerical simulations on GPUs}},
  author={Taufer, Michela and Padron, Omar and Saponaro, Philip and Patel, Sandeep},
  booktitle={Parallel \& Distributed Processing (IPDPS), 2010 IEEE International Symposium on},
  pages={1--9},
  year={2010},
  organization={IEEE}
}

@ARTICLE{ieee754, 
    journal={IEEE Std 754-2008}, 
    title={{IEEE} Standard for Floating-Point Arithmetic}, 
    year={2008}, 
    pages={1-70}, 
    keywords={IEEE standards;floating point arithmetic;programming;IEEE standard;arithmetic formats;computer programming;decimal floating-point arithmetic;754-2008;NaN;arithmetic;binary;computer;decimal;exponent;floating-point;format;interchange;number;rounding;significand;subnormal}, 
    doi={10.1109/IEEESTD.2008.4610935}, 
    month={Aug},
}

@BOOK{c89,
    title={{ANSI/ISO 9899-1990 American National Standard for Programming Languages - C}},
    year={1990},
    chapter={6.1.2.5}
}

@misc{c99,
  title={{C99-ISO}},
  author={Standard, ISO},
  year={1999},
  publisher={IEC}
}

@article{BLAS,
  title={{An updated set of basic linear algebra subprograms (BLAS)}},
  author={Blackford, L Susan and Petitet, Antoine and Pozo, Roldan and Remington, Karin and Whaley, R Clint and Demmel, James and Dongarra, Jack and Duff, Iain and Hammarling, Sven and Henry, Greg and others},
  journal={ACM Transactions on Mathematical Software},
  volume={28},
  number={2},
  pages={135--151},
  year={2002}
}

@incollection{PBLAS,
  title={A proposal for a set of parallel basic linear algebra subprograms},
  author={Choi, Jaeyoung and Dongarra, Jack and Ostrouchov, Susan and Petitet, Antoine and Walker, David and Whaley, R Clinton},
  booktitle={Applied Parallel Computing Computations in Physics, Chemistry and Engineering Science},
  pages={107--114},
  year={1996},
  publisher={Springer}
}

@book{LAPACK,
  title={LAPACK Users' guide},
  author={Anderson, Edward and Bai, Zhaojun and Bischof, Christian and Blackford, Susan and Demmel, James and Dongarra, Jack and Du Croz, Jeremy and Greenbaum, Anne and Hammerling, S and McKenney, Alan and others},
  volume={9},
  year={1999},
  publisher={SIAM}
}

@book{SCALAPACK,
  title={ScaLAPACK Users' guide},
  author={Blackford, L Susan and Choi, Jaeyoung and Cleary, Andy and D'Azevedo, Eduardo and Demmel, James and Dhillon, Inderjit and Dongarra, Jack and Hammarling, Sven and Henry, Greg and Petitet, Antoine and others},
  volume={4},
  year={1997},
  publisher={SIAM}
}

@misc{Cog,
  title = {{Cog - Generate code with inlined Python code}},
  note = {\path{http://nedbatchelder.com/code/cog/}},
}

@misc{nonrec-make,
  title = {{nonrec-make - Non-recursive make template for GNU make}},
  note = {\path{http://github.com/aostruszka/nonrec-make}},
}

@InProceedings{OpenTuner,
  author    = "Jason Ansel and Shoaib Kamil and Kalyan Veeramachaneni and Jonathan Ragan-Kelley and Jeffrey Bosboom and Una-May O'Reilly and Saman Amarasinghe",
  title     = {{{OpenTuner: An extensible framework for program autotuning}}},
  url       = "http://groups.csail.mit.edu/commit/papers/2014/ansel-pact14-opentuner.pdf",
  slides    = "http://groups.csail.mit.edu/commit/papers/2014/ansel-pact14-opentuner-slides.pdf",
  keywords  = "OpenTuner",
  month     = "August",
  year      = "2014",
  address   = "Edmonton, Canada",
  booktitle = "International Conference on Parallel Architectures and Compilation Techniques",
}


@techreport{MKL,
  title={{Intel\textregistered~ Math Kernel Library reference manual}},
  author={Intel\textregistered~},
  year={2011},
  institution={630813-051US},
  note={\path{http://software.intel.com/sites/products/documentation/hpc/mkl/mklman/mklman.pdf}}
}

@article{MPI,
  title={{MPI: A Standard Message Passing Interface}},
  author={Walker, David W and Dongarra, Jack J},
  journal={Supercomputer},
  volume={12},
  pages={56--68},
  year={1996},
  publisher={ASFRA BV}
}

@article{SSEAVX,
  title={Advanced vector extensions programming reference},
  author={Intel, Intel},
  journal={Intel Corporation},
  year={2011}
}

@inproceedings{Python,
  title={Python Programming Language.},
  author={Van Rossum, Guido and others},
  booktitle={USENIX Annual Technical Conference},
  volume={41},
  year={2007}
}


@article{SUMMA,
  title={SUMMA: Scalable universal matrix multiplication algorithm},
  author={Van De Geijn, Robert A and Watts, Jerrell},
  journal={Concurrency-Practice and Experience},
  volume={9},
  number={4},
  pages={255--274},
  year={1997}
}

@misc{reproducibilityBOF,
  title={{SC'15 BoF on "Reproducibility of high performance codes and simulations: tools, techniques, debugging"}}, 
  note={\path{https://gcl.cis.udel.edu/sc15bof.php}}, 
  year={2015}}
